@incollection{Zhou2018,
  doi = {10.1007/978-3-319-93701-4_51},
  url = {https://doi.org/10.1007/978-3-319-93701-4_51},
  year  = {2018},
  publisher = {Springer International Publishing},
  pages = {644--654},
  author = {Huan Zhou and Arie Taal and Spiros Koulouzis and Junchao Wang and Yang Hu and George Suciu and Vlad Poenaru and Cees de Laat and Zhiming Zhao},
  title = {Dynamic Real-Time Infrastructure Planning and Deployment for Disaster Early Warning Systems},
  booktitle = {Lecture Notes in Computer Science}
}

@online{VICE,
  author = {Marco van den Heuvel and Fabrizio Gennari and Groepaz and Olaf Seibert and Marcus Sutton and Kajtar Zsolt and AreaScout and Bas Wassink and Michael C. Martin and Martin Pottendorfer and Stefan Haubenthal and BSzili and Andreas Matthies and Daniel Kahlin and Errol Smith and Benjamin 'BeRo' Rosseaux and Ulrich Schulz and Thomas Giesel and Ingo Korb and Antti S. Lankila and Christian Vogelgsang and Dag Lem and Spiro Trikaliotis and Hannu Nuotio and Andreas Boose and Tibor Biczo and M. Kiesel and Andreas Dehmel and David Hansel and Markus Brenner and Thomas Bretz and Daniel Sladic and André Fachat and Ettore Perazzoli and Teemu Rantanen and Jouko Valta and Jarkko Sonninen and Mikkel Holm Olsen and Manuel Antonio Rodriguez Bas and Paul Dubé and Czirkos Zoltan and Karai Csaba and Andrea Musuruane and Jesse Lee and Jarek Sobolewski and Michael Litvinov and Peter Krefting and Emir Akaydin},
  title = {{VICE - the Versatile Commodore Emulator}},
  url = {http://vice-emu.sourceforge.net/},
  urldate = {2019-01-20}
}

@online{vicescript,
  author = {Folkert van Verseveld},
  title = {vice.sh},
  year = {2018},
  url = {https://raw.githubusercontent.com/FolkertVanVerseveld/workshop/master/vice.sh},
  urldate = {2019-01-20}
}

@online{source,
  author = {York Broekhuizen and Sam van Kampen and Mund Vetter and Folkert van Verseveld and Robin Wacanno and Auke Schuringa},
  title = {{DRIP game}},
  year = {2019},
  url = {https://github.com/FolkertVanVerseveld/iao},
  urldate = {2019-01-20}
}

@online{vicesourcelinux,
  author = {{VICE}},
  title = {{VICE 3.1 Linux source code}},
  url = {https://sourceforge.net/projects/vice-emu/files/releases/vice-3.1.tar.gz/download},
  urldate = {2019-01-20}
}

@online{vicewindows,
  author = {{VICE}},
  title = {{VICE 3.1 Windows binary}},
  url = {http://vice-emu.sourceforge.net/windows.html},
  urldate = {2019-01-20}
}

@online{viceosx,
  author = {{VICE}},
  title = {{VICE 3.1 OSX binary}},
  url = {http://sourceforge.net/projects/vice-emu/files/releases/binaries/macosx/vice-macosx-cocoa-x86_64-10.12-3.1.dmg/download},
  urldate = {2019-01-20}
}

@online{7zip,
  author = {Igor Pavlov},
  title = {{7-Zip}},
  url = {http://www.7-zip.org/},
  urldate = {2019-01-20}
}

@online{kickass,
  author = {Mads Nielsen},
  title = {{Kick Assembler (C64)}},
  year = {2019},
  url = {https://packagecontrol.io/packages/Kick%20Assembler%20(C64)},
  urldate = {2019-01-20}
}